%% This BibTeX bibliography file was created using BibDesk.
%% https://bibdesk.sourceforge.io/

%% Created for Kevin Polisano at 2024-11-19 13:06:32 +0100 


%% Saved with string encoding Unicode (UTF-8) 



@article{bishop2006pattern,
	author = {Bishop, Christopher M},
	date-added = {2024-11-19 13:06:20 +0100},
	date-modified = {2024-11-19 13:06:20 +0100},
	journal = {Springer google schola},
	pages = {1122--1128},
	title = {Pattern recognition and machine learning},
	volume = {2},
	year = {2006}}

@article{rumelhart1986learning,
	author = {Rumelhart, David E and Hinton, Geoffrey E and Williams, Ronald J},
	date-added = {2024-11-15 14:18:00 +0100},
	date-modified = {2024-11-15 14:18:00 +0100},
	journal = {nature},
	number = {6088},
	pages = {533--536},
	publisher = {Nature Publishing Group UK London},
	title = {Learning representations by back-propagating errors},
	volume = {323},
	year = {1986}}

@article{mcculloch1943logical,
	author = {McCulloch, Warren S and Pitts, Walter},
	date-added = {2024-11-15 14:11:01 +0100},
	date-modified = {2024-11-15 14:11:01 +0100},
	journal = {The bulletin of mathematical biophysics},
	pages = {115--133},
	publisher = {Springer},
	title = {A logical calculus of the ideas immanent in nervous activity},
	volume = {5},
	year = {1943}}

@article{hubel1962receptive,
	author = {Hubel, David H and Wiesel, Torsten N},
	date-added = {2024-11-15 14:05:03 +0100},
	date-modified = {2024-11-15 14:05:03 +0100},
	journal = {The Journal of physiology},
	number = {1},
	pages = {106},
	publisher = {Wiley},
	title = {Receptive fields, binocular interaction and functional architecture in the cat's visual cortex},
	volume = {160},
	year = {1962}}

@article{rosenblatt1958perceptron,
	author = {Rosenblatt, Frank},
	date-added = {2024-11-15 14:02:58 +0100},
	date-modified = {2024-11-15 14:02:58 +0100},
	journal = {Psychological review},
	number = {6},
	pages = {386},
	publisher = {American Psychological Association},
	title = {The perceptron: a probabilistic model for information storage and organization in the brain.},
	volume = {65},
	year = {1958}}

@article{lecun1998gradient,
	author = {LeCun, Yann and Bottou, L{\'e}on and Bengio, Yoshua and Haffner, Patrick},
	date-added = {2024-11-15 13:55:28 +0100},
	date-modified = {2024-11-15 13:55:28 +0100},
	journal = {Proceedings of the IEEE},
	number = {11},
	pages = {2278--2324},
	publisher = {Ieee},
	title = {Gradient-based learning applied to document recognition},
	volume = {86},
	year = {1998}}

@article{lecun1989backpropagation,
	author = {LeCun, Yann and Boser, Bernhard and Denker, John S and Henderson, Donnie and Howard, Richard E and Hubbard, Wayne and Jackel, Lawrence D},
	date-added = {2024-11-15 13:53:59 +0100},
	date-modified = {2024-11-15 13:53:59 +0100},
	journal = {Neural computation},
	number = {4},
	pages = {541--551},
	publisher = {MIT Press},
	title = {Backpropagation applied to handwritten zip code recognition},
	volume = {1},
	year = {1989}}

@article{lecun1989handwritten,
	author = {LeCun, Yann and Boser, Bernhard and Denker, John and Henderson, Donnie and Howard, Richard and Hubbard, Wayne and Jackel, Lawrence},
	date-added = {2024-11-15 13:34:57 +0100},
	date-modified = {2024-11-15 13:34:57 +0100},
	journal = {Advances in neural information processing systems},
	title = {Handwritten digit recognition with a back-propagation network},
	volume = {2},
	year = {1989}}

@article{yamins2016using,
	author = {Yamins, Daniel LK and DiCarlo, James J},
	date-added = {2024-11-15 12:08:45 +0100},
	date-modified = {2024-11-15 12:08:45 +0100},
	journal = {Nature neuroscience},
	number = {3},
	pages = {356--365},
	publisher = {Nature Publishing Group},
	title = {Using goal-driven deep learning models to understand sensory cortex},
	volume = {19},
	year = {2016}}

@unknown{maried2017literature,
	author = {Maried, Esam and Omar, Osama and Baba, Abdullatif},
	date-added = {2024-11-15 11:32:36 +0100},
	date-modified = {2024-11-15 11:33:02 +0100},
	doi = {10.13140/RG.2.2.17403.72480},
	month = {06},
	title = {A Literature Study of Deep learning and its application in Digital Image Processing},
	year = {2017},
	Bdsk-Url-1 = {https://doi.org/10.13140/RG.2.2.17403.72480}}

@article{krizhevsky2012imagenet,
	author = {Krizhevsky, Alex and Sutskever, Ilya and Hinton, Geoffrey E},
	date-added = {2024-11-15 11:25:45 +0100},
	date-modified = {2024-11-15 11:25:45 +0100},
	journal = {Advances in neural information processing systems},
	title = {Imagenet classification with deep convolutional neural networks},
	volume = {25},
	year = {2012}}

@article{allen2019roadmap,
	author = {Allen, Bibb and Seltzer, Steven and Langlotz, Curtis and Dreyer, Keith and Summers, Ronald and Petrick, Nicholas and Marinac-Dabic, Danica and Cruz, Marisa and Alkasab, Tarik and Hanisch, Robert and Nilsen, Wendy and Burleson, Judy and Lyman, Kevin and Kandarpa, Krishna},
	date-added = {2024-11-15 11:10:56 +0100},
	date-modified = {2024-11-15 11:11:48 +0100},
	doi = {10.1016/j.jacr.2019.04.014},
	journal = {Journal of the American College of Radiology},
	month = {05},
	title = {A Road Map for Translational Research on Artificial Intelligence in Medical Imaging: From the 2018 National Institutes of Health/RSNA/ACR/The Academy Workshop},
	volume = {16},
	year = {2019},
	Bdsk-Url-1 = {https://doi.org/10.1016/j.jacr.2019.04.014}}

@book{elgendy2020deep,
	author = {Elgendy, Mohamed},
	date-added = {2024-11-15 10:30:01 +0100},
	date-modified = {2024-11-15 10:30:01 +0100},
	publisher = {Simon and Schuster},
	title = {Deep learning for vision systems},
	year = {2020}}
